@article{DGHC-2018,
year={2018},
journal={Royal Society Open Science},
volume={2},
title={Hodgkin-Huxley revisited: reparametrization and identifiability analysis of the
       classic action potential model with approximate Bayesian methods},
keywords={Hodgkin Huxley, approximate Bayesian computation; identifiability, cardiac cell modeling,
          functional curation, parameter fitting},
author={Aidan C. Daly and David J. Gavaghan and Chris Holmes and Jonathan Cooper},
pages={150499}
}


@article{epstein2008model,
  title={Why model?},
  author={Epstein, Joshua M.},
  journal={Journal of Artificial Societies and Social Simulation},
  volume={11},
  number={4},
  pages={12},
  year={2008}
}

@book{gill2007bayesian,
  title={Bayesian methods: A social and behavioral sciences approach},
  author={Gill, Jeff},
  year={2007},
  publisher={CRC press}
}

@book{gelman2013bayesian,
  title={Bayesian data analysis},
  author={Gelman, Andrew and Carlin, John B and Stern, Hal S and Dunson, David B and Vehtari, Aki and Rubin, Donald B},
  year={2013},
  publisher={CRC press}
}

@article{stewart2014teaching,
  title={Teaching Markov Chain Monte Carlo: Revealing the Basic Ideas Behind the Algorithm},
  author={Stewart, Wayne and Stewart, Sepideh},
  journal={PRIMUS},
  volume={24},
  number={1},
  pages={25--45},
  year={2014},
  publisher={Taylor \& Francis}
}

@book{bolstad2007introduction,
  title={Introduction to Bayesian statistics},
  author={Bolstad, William M.},
  year={2007},
  publisher={John Wiley \& Sons}
}

@book{silver2012signal,
  title={The signal and the noise: Why so many predictions fail-but some don't},
  author={Silver, Nate},
  year={2012},
  publisher={Penguin}
}

@book{tegmark2014our,
  title={Our mathematical universe: my quest for the ultimate nature of reality},
  author={Tegmark, Max},
  year={2014},
  publisher={Knopf}
}

@article{angrist1990lifetime,
  title={Lifetime earnings and the Vietnam era draft lottery: evidence from social security administrative records},
  author={Angrist, Joshua D.},
  journal={The American Economic Review},
  pages={313--336},
  year={1990},
  publisher={JSTOR}
}

@article{ioannidis2005most,
  title={Why most published research findings are false},
  author={Ioannidis, John P.A.},
  journal={PLoS medicine},
  volume={2},
  number={8},
  pages={e124},
  year={2005},
  publisher={Public Library of Science}
}

@book{mcgrayne2011theory,
  title={The theory that would not die: how Bayes' rule cracked the enigma code, hunted down Russian submarines, \& emerged triumphant from two centuries of controversy},
  author={McGrayne, Sharon Bertsch},
  year={2011},
  publisher={Yale University Press}
}

@misc{stan-software:2014,
  author = {{Stan Development Team}},
  year = {2014},
  title = {Stan: A C++ Library for Probability and Sampling,
           Version 2.5.0},
  url = {http://mc-stan.org/}
}

@inproceedings{plummer2003jags,
  title={JAGS: A program for analysis of Bayesian graphical models using Gibbs sampling},
  author={Plummer, Martyn and others},
  booktitle={Proceedings of the 3rd international workshop on distributed statistical computing},
  volume={124},
  pages={125},
  year={2003},
  organization={Technische Universit at Wien}
}

@Manual{RLanguage,
     title = {R: A Language and Environment for Statistical Computing},
     author = {{R Core Team}},
     organization = {R Foundation for Statistical Computing},
     address = {Vienna, Austria},
     year = {2014},
     url = {http://www.R-project.org/},
   }

   @book{robert2007bayesian,
     title={The Bayesian choice: from decision-theoretic foundations to computational implementation},
     author={Robert, Christian},
     year={2007},
     publisher={Springer Science \& Business Media}
   }

   @article{gelman2006prior,
     title={Prior distributions for variance parameters in hierarchical models (comment on article by Browne and Draper)},
     author={Gelman, Andrew and others},
     journal={Bayesian analysis},
     volume={1},
     number={3},
     pages={515--534},
     year={2006},
     publisher={International Society for Bayesian Analysis}
   }

   @book{taleb2010black,
     title={The black swan:: The impact of the highly improbable fragility},
     author={Taleb, Nassim Nicholas},
     volume={2},
     year={2010},
     publisher={Random House}
   }

   @book{mandelbrot2008misbehaviour,
     title={Misbehaviour of Markets},
     author={Mandelbrot, Benoit B and Hudson, Richard L},
     year={2008},
     publisher={Profile Books}
   }

   @article{lewandowski2009generating,
     title={Generating random correlation matrices based on vines and extended onion method},
     author={Lewandowski, Daniel and Kurowicka, Dorota and Joe, Harry},
     journal={Journal of multivariate analysis},
     volume={100},
     number={9},
     pages={1989--2001},
     year={2009},
     publisher={Elsevier}
   }

   @manual{stan-manual:2015,
     author = ,
     year = {2015},
     title = {Stan Modeling Language Users Guide and Reference Manual,
              Version 2.7.0},
     url = {http://mc-stan.org/}
   }

   @article{tokuda2011visualizing,
     title={Visualizing distributions of covariance matrices},
     author={Tokuda, Tomoki and Goodrich, Ben and Van Mechelen, I and Gelman, Andrew and Tuerlinckx, F},
     journal={Columbia Univ., New York, NY, USA, Tech. Rep},
     year={2011},
     publisher={Citeseer}
   }

   @article{hanea2013asymptotic,
     title={The asymptotic distribution of the determinant of a random correlation matrix},
     author={Hanea, Anca},
     journal={arXiv preprint arXiv:1309.7268},
     year={2013}
   }

@book{anderson1992infectious,
	title={Infectious diseases of humans: dynamics and control},
	author={Anderson, Roy M and May, Robert M},
	year={1992},
	publisher={Oxford University Press}
}

   @inproceedings{mimno2011bayesian,
     title={Bayesian checking for topic models},
     author={Mimno, David and Blei, David},
     booktitle={proceedings of the conference on empirical methods in natural language processing},
     pages={227--237},
     year={2011},
     organization={Association for Computational Linguistics}
   }

   @article{blei2003latent,
     title={Latent dirichlet allocation},
     author={Blei, David M and Ng, Andrew Y and Jordan, Michael I},
     journal={the Journal of machine Learning research},
     volume={3},
     pages={993--1022},
     year={2003},
     publisher={JMLR. org}
   }

   @article{gelman2014understanding,
     title={Understanding predictive information criteria for Bayesian models},
     author={Gelman, Andrew and Hwang, Jessica and Vehtari, Aki},
     journal={Statistics and Computing},
     volume={24},
     number={6},
     pages={997--1016},
     year={2014},
     publisher={Springer}
   }

   @article{spiegelhalter2002bayesian,
     title={Bayesian measures of model complexity and fit},
     author={Spiegelhalter, David J and Best, Nicola G and Carlin, Bradley P and Van Der Linde, Angelika},
     journal={Journal of the Royal Statistical Society: Series B (Statistical Methodology)},
     volume={64},
     number={4},
     pages={583--639},
     year={2002},
     publisher={Wiley Online Library}
   }

   @article{vehtari2015efficient,
     title={Efficient implementation of leave-one-out cross-validation and WAIC for evaluating fitted Bayesian models},
     author={Vehtari, Aki and Gelman, Andrew and Gabry, Jonah},
     journal={arXiv preprint arXiv:1507.04544},
     year={2015}
   }

   @article{bernardo1979reference,
     title={Reference posterior distributions for Bayesian inference},
     author={Bernardo, Jose M},
     journal={Journal of the Royal Statistical Society. Series B (Methodological)},
     pages={113--147},
     year={1979},
     publisher={JSTOR}
   }

   @article{casella1985introduction,
     title={An introduction to empirical Bayes data analysis},
     author={Casella, George},
     journal={The American Statistician},
     volume={39},
     number={2},
     pages={83--87},
     year={1985},
     publisher={Taylor \& Francis}
   }

   @article{chib1995understanding,
     title={Understanding the Metropolis-Hastings algorithm},
     author={Chib, Siddhartha and Greenberg, Edward},
     journal={The American Statistician},
     volume={49},
     number={4},
     pages={327--335},
     year={1995},
     publisher={Taylor \& Francis Group}
   }

   @incollection{gebali2008,
   year={2008},
   isbn={978-0-387-74436-0},
   booktitle={Analysis of Computer and Communication Networks},
   doi={10.1007/978-0-387-74437-7_5},
   title={Reducible Markov Chains},
   url={http://dx.doi.org/10.1007/978-0-387-74437-7_5},
   publisher={Springer US},
   author={Gebali, Fayez},
   pages={1-32},
   language={English}
   }

   @article{rosenthal2011optimal,
     title={Optimal proposal distributions and adaptive MCMC},
     author={Rosenthal, Jeffrey S and others},
     journal={Handbook of Markov Chain Monte Carlo},
     pages={93--112},
     year={2011},
     publisher={CRC Press, Boca Raton, FL}
   }

   @article{roberts1997weak,
     title={Weak convergence and optimal scaling of random walk Metropolis algorithms},
     author={Roberts, Gareth O and Gelman, Andrew and Gilks, Walter R and others},
     journal={The annals of applied probability},
     volume={7},
     number={1},
     pages={110--120},
     year={1997},
     publisher={Institute of Mathematical Statistics}
   }

   @article{saidi2006stationarity,
     title={Stationarity and geometric ergodicity of a class of nonlinear ARCH models},
     author={Sa{\"\i}di, Youssef and Zakoian, Jean-Michel and others},
     journal={The Annals of Applied Probability},
     volume={16},
     number={4},
     pages={2256--2271},
     year={2006},
     publisher={Institute of Mathematical Statistics}
   }

   @article{gelman1992inference,
     title={Inference from iterative simulation using multiple sequences},
     author={Gelman, Andrew and Rubin, Donald B},
     journal={Statistical Science},
     pages={457--472},
     year={1992},
     publisher={JSTOR}
   }

   @article{bergland1969guided,
     title={A guided tour of the fast Fourier transform},
     author={Bergland, GD},
     journal={Spectrum, IEEE},
     volume={6},
     number={7},
     pages={41--52},
     year={1969},
     publisher={IEEE}
   }

   @book{brooks2011handbook,
     title={Handbook of Markov Chain Monte Carlo},
     author={Brooks, Steve and Gelman, Andrew and Jones, Galin and Meng, Xiao-Li},
     year={2011},
     publisher={CRC press}
   }

   @article{homan2014no,
     title={The no-U-turn sampler: Adaptively setting path lengths in Hamiltonian Monte Carlo},
     author={Homan, Matthew D and Gelman, Andrew},
     journal={The Journal of Machine Learning Research},
     volume={15},
     number={1},
     pages={1593--1623},
     year={2014},
     publisher={JMLR. org}
   }

   @article{carpenter2016stan,
   	title={Stan: A probabilistic programming language},
   	author={Carpenter, Bob and Gelman, Andrew and Hoffman, Matt and Lee, Daniel and Goodrich, Ben and Betancourt, Michael and Brubaker, Michael A and Guo, Jiqiang and Li, Peter and Riddell, Allen},
   	journal={J Stat Softw},
   	year={2016}
   }

   @Manual{caret2012,
       title = {caret: Classification and Regression Training},
       author = {Max Kuhn. Contributions from Jed Wing and Steve Weston and Andre Williams and Chris Keefer and Allan Engelhardt},
       year = {2012},
       note = {R package version 5.15-044},
       url = {http://CRAN.R-project.org/package=caret},
     }

     @article{hoffman2014no,
       title={The No-U-turn sampler: adaptively setting path lengths in Hamiltonian Monte Carlo.},
       author={Hoffman, Matthew D and Gelman, Andrew},
       journal={Journal of Machine Learning Research},
       volume={15},
       number={1},
       pages={1593--1623},
       year={2014}
     }

     @book{lunn2012bugs,
       title={The BUGS book: A practical introduction to Bayesian analysis},
       author={Lunn, David and Jackson, Chris and Best, Nicky and Thomas, Andrew and Spiegelhalter, David},
       year={2012},
       publisher={CRC press}
     }

     @article{betancourt2016diagnosing,
       title={Diagnosing Suboptimal Cotangent Disintegrations in Hamiltonian Monte Carlo},
       author={Betancourt, Michael},
       journal={arXiv preprint arXiv:1604.00695},
       year={2016}
     }

     @misc{tufte2001quantitative,
     	title={The quantitative display of information},
     	author={Tufte, Edward},
     	year={2001},
     	publisher={Graphics Press, Cheshire, Connecticut}
     }


     @book{kahneman2011thinking,
     	title={Thinking, fast and slow},
     	author={Kahneman, Daniel},
     	year={2011},
     	publisher={Macmillan}
     }

     @article{gelman2008objections,
     	title={Objections to Bayesian statistics},
     	author={Gelman, Andrew and others},
     	journal={Bayesian Analysis},
     	volume={3},
     	number={3},
     	pages={445--449},
     	year={2008},
     	publisher={International Society for Bayesian Analysis}
     }

     @article{neal2001annealed,
     	title={Annealed importance sampling},
     	author={Neal, Radford M},
     	journal={Statistics and computing},
     	volume={11},
     	number={2},
     	pages={125--139},
     	year={2001},
     	publisher={Springer}
     }

     @article{belenky2003patterns,
     	title={Patterns of performance degradation and restoration during sleep restriction and subsequent recovery: A sleep dose-response study},
     	author={Belenky, Gregory and Wesensten, Nancy J and Thorne, David R and Thomas, Maria L and Sing, Helen C and Redmond, Daniel P and Russo, Michael B and Balkin, Thomas J},
     	journal={Journal of sleep research},
     	volume={12},
     	number={1},
     	pages={1--12},
     	year={2003},
     	publisher={Wiley Online Library}
     }

     @book{discoveries,
     	title={The World Almanac and Book of Facts},
     	year={1975},
     	pages={315--318}
     }

     @article{bellis1990females,
     	title={Do females promote sperm competition? Data for humans},
     	author={Bellis, Mark A. and Baker, R. Robin},
     	journal={Animal Behaviour},
     	volume={40},
     	number={5},
     	pages={997--999},
     	year={1990},
     	publisher={Academic Press}
     }

     @article{bellis2005measuring,
     	title={Measuring paternal discrepancy and its public health consequences},
     	author={Bellis, Mark A and Hughes, Karen and Hughes, Sara and Ashton, John R},
     	journal={Journal of epidemiology and community health},
     	volume={59},
     	number={9},
     	pages={749--754},
     	year={2005},
     	publisher={BMJ Publishing Group Ltd}
     }

     @article{carlin1992meta,
     	title={Meta-analysis for 2$\times$ 2 tables: A bayesian approach},
     	author={Carlin, John B.},
     	journal={Statistics in medicine},
     	volume={11},
     	number={2},
     	pages={141--158},
     	year={1992},
     	publisher={Wiley Online Library}
     }
     @Article{joseph1995bayesian,
     	author    = {Joseph, Lawrence and Gyorkos, Theresa W. and Coupal, Louis},
     	title     = {Bayesian estimation of disease prevalence and the parameters of diagnostic tests in the absence of a gold standard},
     	journal   = {American Journal of Epidemiology},
     	year      = {1995},
     	volume    = {141},
     	number    = {3},
     	pages     = {263--272},
     	publisher = {Oxford Univ Press},
     }

     @article{jarrett1979note,
     	title={A note on the intervals between coal-mining disasters},
     	author={Jarrett, R.G.},
     	journal={Biometrika},
     	volume={66},
     	number={1},
     	pages={191--193},
     	year={1979},
     	publisher={Biometrika Trust}
     }

     @article{thall1990some,
     	title={Some covariance models for longitudinal count data with overdispersion},
     	author={Thall, Peter F. and Vail, Stephen C},
     	journal={Biometrics},
     	pages={657--671},
     	year={1990},
     	publisher={JSTOR}
     }

     @article{neal2011mcmc,
     	title={MCMC using Hamiltonian dynamics},
     	author={Neal, Radford M. and others},
     	journal={Handbook of Markov Chain Monte Carlo},
     	volume={2},
     	pages={113--162},
     	year={2011}
     }

     @article{startData,
     	title={Global Terrorism Database},
     	author={National Consortium for the Study of Terrorism and Responses to Terrorism (START)},
     	year={2016},
     	website={https://www.start.umd.edu/gtd}
    }

    @incollection{betancourt2013general,
    	title={A general metric for Riemannian manifold Hamiltonian Monte Carlo},
    	author={Betancourt, Michael},
    	booktitle={Geometric science of information},
    	pages={327--334},
    	year={2013},
    	publisher={Springer}
    }

   @article{sinka2010dominant,
   	title={The dominant Anopheles vectors of human malaria in Africa, Europe and the Middle East:
           occurrence data, distribution maps and bionomic pr{\'e}cis},
   	author={Sinka, Marianne E. and Bangs, Michael J. and Manguin, Sylvie and Coetzee,
            Maureen and Mbogo, Charles M. and Hemingway, Janet and Patil, Anand P. and Temperley, Will H.
             and Gething, Peter W. and Kabaria, Caroline W. and Okara, Robi M. and Boeckel, Thomas Van
             and Godfray, H. Charles J. and Harbach, Ralph E. and Hay, Simon I.},
   	journal={Parasites \& vectors},
   	volume={3},
   	number={1},
   	pages={117},
   	year={2010},
   	publisher={BioMed Central}
   }

   @book{gelman2006data,
   	title={Data analysis using regression and multilevel/hierarchical models},
   	author={Gelman, Andrew and Hill, Jennifer},
   	year={2006},
   	publisher={Cambridge university press}
   }

   @book{angrist2014mastering,
   	title={Mastering'metrics: The path from cause to effect},
   	author={Angrist, Joshua D. and Pischke, J{\"o}rn-Steffen},
   	year={2014},
   	publisher={Princeton University Press}
   }

   @book{angrist2008mostly,
   	title={Mostly harmless econometrics: An empiricist's companion},
   	author={Angrist, Joshua D and Pischke, J{\"o}rn-Steffen},
   	year={2008},
   	publisher={Princeton university press}
   }

   @article{gelman2009statistician,
   	title={A statistician's perspective on" Mostly Harmless Econometrics:
           An Empiricist's Companion", by Joshua D. Angrist and Jorn-Steffen Pischke},
   	author={Gelman, Andrew and others},
   	journal={Stata Journal},
   	volume={9},
   	number={2},
   	pages={315},
   	year={2009}
   }

   @article{butler2014measure,
   	title={A measure-theoretic computational method for inverse sensitivity problems III:
           Multiple quantities of interest},
   	author={Butler, T. and Estep, D. and Tavener, S.J. and Dawson, C. and Westerink, J.J.},
   	journal={SIAM/ASA Journal on Uncertainty Quantification},
   	volume={2},
   	number={1},
   	pages={174--202},
   	year={2014},
   	publisher={SIAM}
   }

   @article{tavener2011transient,
   	title={Transient sensitivity analysis for nonlinear population models},
   	author={Tavener, S.J. and Mikucki, Michael and Field, Stuart G. and Antolin, Michael F.},
   	journal={Methods in Ecology and Evolution},
   	volume={2},
   	number={5},
   	pages={560--575},
   	year={2011},
   	publisher={Wiley Online Library}
   }

@article{metropolis1953equation,
	title={Equation of state calculations by fast computing machines},
	author={Metropolis, Nicholas and Rosenbluth, Arianna W and Rosenbluth, Marshall N and Teller, Augusta H and Teller, Edward},
	journal={The Journal of Chemical Physics},
	volume={21},
	number={6},
	pages={1087--1092},
	year={1953},
	publisher={AIP}
}

@misc{MATLAB:2016,
	Title = {MATLAB version 9.0.0.341360 (R2016a)},
    Howpublished = {{\tt https://www.mathworks.com/}},
	Year = {2016}
}

@book{lambert2018Student,
	title={A Student's Guide to Bayesian Statistics},
	author={Lambert, Ben},
	year={2018},
	publisher={Sage Publications Ltd.}
}

@misc{duong2018package,
	title={Package ‘ks’},
	author={Duong, Tarn and Duong, Maintainer Tarn},
    howpublished={{\tt https://cran.r-project.org/web/packages/ks/ks.pdf}},
	year={2018}
}

@misc{mathematica,
	title = {Mathematica 8.0},
	author = {Wolfram Research, Inc.},
	howpublished = {{\tt https://www.wolfram.com}},
	date = {2010}
}

@article{DGCT2018,
author = {A.C. Daly and D. Gavaghan and J. Cooper and S.J. Tavener},
title = {Inference-based assessment of parameter identifiability in nonlinear biological models},
journal = {Journal of the Royal Society Interface},
volume = {15},
year = {2018}
}

@article{BJW-17,
title = {Combining push forward measures and Baye's rule to construct consistent solutions to stochastic inverse problems},
author = {T. Butler and J. Jakeman and T. Wildey},
journal={SIAM J. Sci. Comput.},
volume={40},
number={2},
pages={A984--A1011},
year={2018}
}


@book{murray2007mathematical,
	title={Mathematical biology: I. An Introduction (interdisciplinary applied mathematics)(Pt. 1)},
	author={Murray, James D.},
	year={2007},
	publisher={New York, Springer}
}


@Manual{RLanguage,
	title = {R: A Language and Environment for Statistical Computing},
	author = {{R Core Team}},
	organization = {R Foundation for Statistical Computing},
	address = {Vienna, Austria},
	year = {2013},
	note = {{ISBN} 3-900051-07-0},
	url = {http://www.R-project.org/},
}

@misc{deng2011density,
	title={Density estimation in R},
	author={Deng, Henry and Wickham, Hadley},
    howpublished={{\tt https://vita.had.co.nz/papers/density-estimation.pdf}},
	year={2011}
}

@article{nagler2016evading,
	title={Evading the curse of dimensionality in nonparametric density estimation with simplified vine copulas},
	author={Nagler, Thomas and Czado, Claudia},
	journal={Journal of Multivariate Analysis},
	volume={151},
	pages={69--89},
	year={2016},
	publisher={Elsevier}
}

@article{nielsen1991mathematical,
	title={Mathematical model of geometry and fibrous structure of the heart},
	author={Nielsen, P.M. and Le Grice, I.J. and Smaill, B.H. and Hunter, P.J.},
	journal={American Journal of Physiology-Heart and Circulatory Physiology},
	volume={260},
	number={4},
	pages={H1365--H1378},
	year={1991},
	publisher={American Physiological Society Bethesda, MD}
}

@article{noble2004modeling,
	title={Modeling the heart},
	author={Noble, Denis},
	journal={Physiology},
	volume={19},
	number={4},
	pages={191--197},
	year={2004},
	publisher={American Physiological Society}
}

@article{byrne2010dissecting,
	title={Dissecting cancer through mathematics: from the cell to the animal model},
	author={Byrne, Helen M.},
	journal={Nature Reviews Cancer},
	volume={10},
	number={3},
	pages={221},
	year={2010},
	publisher={Nature Publishing Group}
}


@article{byrne2006modelling,
	title={Modelling aspects of cancer dynamics: a review},
	author={Byrne, H.M. and Alarcon, T. and Owen, M.R. and Webb, S.D. and Maini, P.K.},
	journal={Philosophical Transactions of the Royal Society of London A: Mathematical, Physical and Engineering Sciences},
	volume={364},
	number={1843},
	pages={1563--1578},
	year={2006},
	publisher={The Royal Society}
}

@article{morris2002quantitative,
	title={Quantitative conservation biology},
	author={Morris, William F. and Doak, Daniel F. and others},
	journal={Sinauer, Sunderland, Massachusetts, USA},
	year={2002}
}

@article{hanski2001spatially,
	title={Spatially realistic theory of metapopulation ecology},
	author={Hanski, Ilkka},
	journal={Naturwissenschaften},
	volume={88},
	number={9},
	pages={372--381},
	year={2001},
	publisher={Springer}
}

@misc{murraymathematical,
	title={Mathematical Biology. 1993},
	author={Murray, J.D.},
	publisher={Springer, Berlin}
}

@article{haario2001adaptive,
	title={An adaptive Metropolis algorithm},
	author={Haario, Heikki and Saksman, Eero and Tamminen, Johanna and others},
	journal={Bernoulli},
	volume={7},
	number={2},
	pages={223--242},
	year={2001},
	publisher={Bernoulli Society for Mathematical Statistics and Probability}
}

@phdthesis{Lei-phdthesis,
author={Lei Yang},
title={Infinite dimensional stochastic inverse problems},
school={Colorado State University},
year={2018}
}

@book{ridley1994red,
	title={The red queen: Sex and the evolution of human nature},
	author={Ridley, Matt},
	year={1994},
	publisher={Penguin UK}
}

@article{fraser2009chance,
	title={A chance at survival: gene expression noise and phenotypic diversification strategies},
	author={Fraser, Dawn and Kaern, Mads},
	journal={Molecular microbiology},
	volume={71},
	number={6},
	pages={1333--1340},
	year={2009},
	publisher={Wiley Online Library}
}

@article{gatenby2007cellular,
	title={Cellular adaptations to hypoxia and acidosis during somatic evolution of breast cancer},
	author={Gatenby, RA and Smallbone, K and Maini, PK and Rose, F and Averill, J and Nagle, Raymond B and Worrall, L and Gillies, RJ},
	journal={British journal of cancer},
	volume={97},
	number={5},
	pages={646},
	year={2007},
	publisher={Nature Publishing Group}
}

@article{altrock2015mathematics,
	title={The mathematics of cancer: integrating quantitative models},
	author={Altrock, Philipp M and Liu, Lin L and Michor, Franziska},
	journal={Nature Reviews Cancer},
	volume={15},
	number={12},
	pages={730},
	year={2015},
	publisher={Nature Publishing Group}
}


@article{altschuler2010cellular,
	title={Cellular heterogeneity: do differences make a difference?},
	author={Altschuler, Steven J and Wu, Lani F},
	journal={Cell},
	volume={141},
	number={4},
	pages={559--563},
	year={2010},
	publisher={Elsevier}
}

@article{elowitz2002stochastic,
	title={Stochastic gene expression in a single cell},
	author={Elowitz, Michael B and Levine, Arnold J and Siggia, Eric D and Swain, Peter S},
	journal={Science},
	volume={297},
	number={5584},
	pages={1183--1186},
	year={2002},
	publisher={American Association for the Advancement of Science}
}

@article{chang2008transcriptome,
	title={Transcriptome-wide noise controls lineage choice in mammalian progenitor cells},
	author={Chang, Hannah H and Hemberg, Martin and Barahona, Mauricio and Ingber, Donald E and Huang, Sui},
	journal={Nature},
	volume={453},
	number={7194},
	pages={544},
	year={2008},
	publisher={Nature Publishing Group}
}

@article{waldherr2018estimation,
	title={Estimation methods for heterogeneous cell population models in systems biology},
	author={Waldherr, Steffen},
	journal={Journal of The Royal Society Interface},
	volume={15},
	number={147},
	pages={20180530},
	year={2018},
	publisher={The Royal Society}
}

@article{erban2007practical,
	title={A practical guide to stochastic simulations of reaction-diffusion processes},
	author={Erban, Radek and Chapman, Jonathan and Maini, Philip},
	journal={arXiv preprint arXiv:0704.1908},
	year={2007}
}

@article{ramkrishna2014population,
	title={Population balance modeling: current status and future prospects},
	author={Ramkrishna, Doraiswami and Singh, Meenesh R},
	journal={Annual review of chemical and biomolecular engineering},
	volume={5},
	pages={123--146},
	year={2014},
	publisher={Annual Reviews}
}

@article{dixit2018maximum,
	title={Maximum entropy framework for inference of cell population heterogeneity in signaling network dynamics},
	author={Dixit, Purushottam and Lyashenko, Eugenia and Niepel, Mario and Vitkup, Dennis},
	journal={bioRxiv},
	pages={137513},
	year={2018},
	publisher={Cold Spring Harbor Laboratory}
}

@article{telford2012flow,
	title={Flow cytometry of fluorescent proteins},
	author={Telford, William G and Hawley, Teresa and Subach, Fedor and Verkhusha, Vladislav and Hawley, Robert G},
	journal={Methods},
	volume={57},
	number={3},
	pages={318--330},
	year={2012},
	publisher={Elsevier}
}

@article{hughes2014single,
	title={Single-cell western blotting},
	author={Hughes, Alex J and Spelke, Dawn P and Xu, Zhuchen and Kang, Chi-Chih and Schaffer, David V and Herr, Amy E},
	journal={Nature methods},
	volume={11},
	number={7},
	pages={749},
	year={2014},
	publisher={Nature Publishing Group}
}

@article{hasenauer2011identification,
	title={Identification of models of heterogeneous cell populations from population snapshot data},
	author={Hasenauer, Jan and Waldherr, Steffen and Doszczak, Malgorzata and Radde, Nicole and Scheurich, Peter and Allg{\"o}wer, Frank},
	journal={BMC bioinformatics},
	volume={12},
	number={1},
	pages={125},
	year={2011},
	publisher={BioMed Central}
}

@article{delvigne2014metabolic,
	title={Metabolic variability in bioprocessing: implications of microbial phenotypic heterogeneity},
	author={Delvigne, Frank and Zune, Quentin and Lara, Alvaro R and Al-Soud, Waleed and S{\o}rensen, S{\o}ren J},
	journal={Trends in Biotechnology},
	volume={32},
	number={12},
	pages={608--616},
	year={2014},
	publisher={Elsevier}
}

@article{hasenauer2014ode,
	title={ODE constrained mixture modelling: a method for unraveling subpopulation structures and dynamics},
	author={Hasenauer, Jan and Hasenauer, Christine and Hucho, Tim and Theis, Fabian J},
	journal={PLoS computational biology},
	volume={10},
	number={7},
	pages={e1003686},
	year={2014},
	publisher={Public Library of Science}
}

@article{loos2018hierarchical,
	title={A hierarchical, data-driven approach to modeling single-cell populations predicts latent causes of cell-to-cell variability},
	author={Loos, Carolin and Moeller, Katharina and Fr{\"o}hlich, Fabian and Hucho, Tim and Hasenauer, Jan},
	journal={Cell systems},
	volume={6},
	number={5},
	pages={593--603},
	year={2018},
	publisher={Elsevier}
}

@article{dixit2018maximum,
	title={Maximum entropy framework for inference of cell population heterogeneity in signaling network dynamics},
	author={Dixit, Purushottam and Lyashenko, Eugenia and Niepel, Mario and Vitkup, Dennis},
	journal={bioRxiv},
	pages={137513},
	year={2018},
	publisher={Cold Spring Harbor Laboratory}
}

@phdthesis{yang2018infinite,
	title={Infinite dimensional stochastic inverse problems},
	author={Yang, Lei},
	year={2018},
	school={Colorado State University}
}