@article{tu2019single,
  title={Single-cell data-driven mathematical model reveals possible molecular mechanisms of
  embryonic stem-cell differentiation},
  author={Tu, Xiao and Zhang, Qinran and Zhang, Wei and Zou, Xiufen},
  journal={Mathematical biosciences and engineering: MBE},
  volume={16},
  number={5},
  pages={5877--5896},
  year={2019}
}


@article{chu2016single,
  title={Single-cell RNA-seq reveals novel regulators of human embryonic stem cell differentiation
  to definitive endoderm},
  author={Chu, Li-Fang and Leng, Ning and Zhang, Jue and Hou, Zhonggang and Mamott, Daniel and
  Vereide, David T and Choi, Jeea and Kendziorski, Christina and Stewart, Ron and Thomson, James
  A},
  journal={Genome biology},
  volume={17},
  number={1},
  pages={173},
  year={2016},
  publisher={Springer}
}
